%YAML 1.1
%TAG !u! tag:unity3d.com,2011:
--- !u!1 &5043650531019196661
GameObject:
  m_ObjectHideFlags: 0
  m_CorrespondingSourceObject: {fileID: 0}
  m_PrefabInstance: {fileID: 0}
  m_PrefabAsset: {fileID: 0}
  serializedVersion: 6
  m_Component:
  - component: {fileID: 7219199228295924881}
  - component: {fileID: 3174141307305063345}
  - component: {fileID: 6503335644483819296}
  - component: {fileID: 1268469862920096428}
  - component: {fileID: 7772219179636382440}
  - component: {fileID: 3373105545498137756}
  - component: {fileID: 5394141133546120793}
  - component: {fileID: 5486988937543326957}
  m_Layer: 0
  m_Name: PowerUp_Life
  m_TagString: Untagged
  m_Icon: {fileID: 0}
  m_NavMeshLayer: 0
  m_StaticEditorFlags: 0
  m_IsActive: 1
--- !u!4 &7219199228295924881
Transform:
  m_ObjectHideFlags: 0
  m_CorrespondingSourceObject: {fileID: 0}
  m_PrefabInstance: {fileID: 0}
  m_PrefabAsset: {fileID: 0}
  m_GameObject: {fileID: 5043650531019196661}
  m_LocalRotation: {x: 0.7071068, y: 0, z: 0, w: 0.7071068}
  m_LocalPosition: {x: 0, y: 0, z: 0}
  m_LocalScale: {x: 2, y: 2, z: 2}
  m_Children:
  - {fileID: 4905084491060472469}
  m_Father: {fileID: 0}
  m_RootOrder: 0
  m_LocalEulerAnglesHint: {x: 90, y: 0, z: 0}
--- !u!114 &3174141307305063345
MonoBehaviour:
  m_ObjectHideFlags: 0
  m_CorrespondingSourceObject: {fileID: 0}
  m_PrefabInstance: {fileID: 0}
  m_PrefabAsset: {fileID: 0}
  m_GameObject: {fileID: 5043650531019196661}
  m_Enabled: 1
  m_EditorHideFlags: 0
  m_Script: {fileID: 11500000, guid: 2a6978e8ecadbdc4586c5e0b7c655f0c, type: 3}
  m_Name: 
  m_EditorClassIdentifier: 
--- !u!114 &6503335644483819296
MonoBehaviour:
  m_ObjectHideFlags: 0
  m_CorrespondingSourceObject: {fileID: 0}
  m_PrefabInstance: {fileID: 0}
  m_PrefabAsset: {fileID: 0}
  m_GameObject: {fileID: 5043650531019196661}
  m_Enabled: 1
  m_EditorHideFlags: 0
  m_Script: {fileID: 11500000, guid: 865651e2cf3bb0643a07fc22062ee98a, type: 3}
  m_Name: 
  m_EditorClassIdentifier: 
--- !u!114 &1268469862920096428
MonoBehaviour:
  m_ObjectHideFlags: 0
  m_CorrespondingSourceObject: {fileID: 0}
  m_PrefabInstance: {fileID: 0}
  m_PrefabAsset: {fileID: 0}
  m_GameObject: {fileID: 5043650531019196661}
  m_Enabled: 1
  m_EditorHideFlags: 0
  m_Script: {fileID: 11500000, guid: 4b2692610ccf11f49acd52263ac2bfac, type: 3}
  m_Name: 
  m_EditorClassIdentifier: 
--- !u!114 &7772219179636382440
MonoBehaviour:
  m_ObjectHideFlags: 0
  m_CorrespondingSourceObject: {fileID: 0}
  m_PrefabInstance: {fileID: 0}
  m_PrefabAsset: {fileID: 0}
  m_GameObject: {fileID: 5043650531019196661}
  m_Enabled: 1
  m_EditorHideFlags: 0
  m_Script: {fileID: 11500000, guid: 6c94a4a1ecf7f264da99af7d2a5dbd73, type: 3}
  m_Name: 
  m_EditorClassIdentifier: 
  time: 0
--- !u!114 &3373105545498137756
MonoBehaviour:
  m_ObjectHideFlags: 0
  m_CorrespondingSourceObject: {fileID: 0}
  m_PrefabInstance: {fileID: 0}
  m_PrefabAsset: {fileID: 0}
  m_GameObject: {fileID: 5043650531019196661}
  m_Enabled: 1
  m_EditorHideFlags: 0
  m_Script: {fileID: 11500000, guid: 325c2366be380d24c8aa79bf37d34c52, type: 3}
  m_Name: 
  m_EditorClassIdentifier: 
  time: 0
  type: 0
  hit: 0
--- !u!114 &5394141133546120793
MonoBehaviour:
  m_ObjectHideFlags: 0
  m_CorrespondingSourceObject: {fileID: 0}
  m_PrefabInstance: {fileID: 0}
  m_PrefabAsset: {fileID: 0}
  m_GameObject: {fileID: 5043650531019196661}
  m_Enabled: 1
  m_EditorHideFlags: 0
  m_Script: {fileID: 11500000, guid: b275e5f92732148048d7b77e264ac30e, type: 3}
  m_Name: 
  m_EditorClassIdentifier: 
  m_ShapeType: 0
  m_PrimitiveCenter:
    x: 0.00000047683716
    y: 0
    z: 0
  m_PrimitiveSize:
    x: 1.7919816
    y: 1.7919828
    z: 0.58251977
  m_PrimitiveOrientation:
    Value:
      x: -0
      y: 0
      z: 0
    RotationOrder: 4
  m_Capsule:
    Height: 1.7919828
    Radius: 0.8959908
    Axis: 1
  m_Cylinder:
    Height: 0.58251977
    Radius: 0.8959914
    Axis: 2
  m_CylinderSideCount: 20
  m_SphereRadius: 0.8959914
  m_MinimumSkinnedVertexWeight: 0.1
  m_ConvexHullGenerationParameters:
    m_SimplificationTolerance: 0.030000007
    m_BevelRadius: 0.05
    m_MinimumAngle: 2.5000002
  m_CustomMesh: {fileID: 0}
  m_ForceUnique: 0
  m_Material:
    m_SupportsTemplate: 1
    m_Template: {fileID: 0}
    m_CollisionResponse:
      m_Override: 0
      m_Value: 0
    m_Friction:
      m_Override: 0
      m_Value:
        Value: 0
        CombineMode: 0
    m_Restitution:
      m_Override: 0
      m_Value:
        Value: 1
        CombineMode: 2
    m_BelongsToCategories:
      m_Override: 0
      m_Value:
        Category00: 0
        Category01: 0
        Category02: 0
        Category03: 0
        Category04: 1
        Category05: 0
        Category06: 0
        Category07: 0
        Category08: 0
        Category09: 0
        Category10: 0
        Category11: 0
        Category12: 0
        Category13: 0
        Category14: 0
        Category15: 0
        Category16: 0
        Category17: 0
        Category18: 0
        Category19: 0
        Category20: 0
        Category21: 0
        Category22: 0
        Category23: 0
        Category24: 0
        Category25: 0
        Category26: 0
        Category27: 0
        Category28: 0
        Category29: 0
        Category30: 0
        Category31: 0
    m_CollidesWithCategories:
      m_Override: 0
      m_Value:
        Category00: 0
        Category01: 1
        Category02: 0
        Category03: 1
        Category04: 1
        Category05: 0
        Category06: 0
        Category07: 0
        Category08: 0
        Category09: 0
        Category10: 0
        Category11: 0
        Category12: 0
        Category13: 0
        Category14: 0
        Category15: 0
        Category16: 0
        Category17: 0
        Category18: 0
        Category19: 0
        Category20: 0
        Category21: 0
        Category22: 0
        Category23: 0
        Category24: 0
        Category25: 0
        Category26: 0
        Category27: 0
        Category28: 0
        Category29: 0
        Category30: 0
        Category31: 0
    m_CustomMaterialTags:
      m_Override: 0
      m_Value:
        Tag00: 0
        Tag01: 0
        Tag02: 0
        Tag03: 0
        Tag04: 0
        Tag05: 0
        Tag06: 0
        Tag07: 0
    m_SerializedVersion: 1
  m_SerializedVersion: 1
--- !u!114 &5486988937543326957
MonoBehaviour:
  m_ObjectHideFlags: 0
  m_CorrespondingSourceObject: {fileID: 0}
  m_PrefabInstance: {fileID: 0}
  m_PrefabAsset: {fileID: 0}
  m_GameObject: {fileID: 5043650531019196661}
  m_Enabled: 1
  m_EditorHideFlags: 0
  m_Script: {fileID: 11500000, guid: ccea9ea98e38942e0b0938c27ed1903e, type: 3}
  m_Name: 
  m_EditorClassIdentifier: 
  m_MotionType: 0
  m_Smoothing: 0
  m_Mass: 1
  m_LinearDamping: 0.01
  m_AngularDamping: 0.05
  m_InitialLinearVelocity:
    x: 0
    y: 0
    z: 0
  m_InitialAngularVelocity:
    x: 0
    y: 0
    z: 0
  m_GravityFactor: 0
  m_OverrideDefaultMassDistribution: 0
  m_CenterOfMass:
    x: 0
    y: 0
    z: 0
  m_Orientation:
    Value:
      x: 0
      y: 0
      z: 0
    RotationOrder: 4
  m_InertiaTensor:
    x: 0.4
    y: 0.4
    z: 0.4
  m_CustomTags:
    Tag00: 0
    Tag01: 0
    Tag02: 0
    Tag03: 0
    Tag04: 0
    Tag05: 0
    Tag06: 0
    Tag07: 0
--- !u!1001 &768466875895027307
PrefabInstance:
  m_ObjectHideFlags: 0
  serializedVersion: 2
  m_Modification:
    m_TransformParent: {fileID: 7219199228295924881}
    m_Modifications:
    - target: {fileID: 5672416593029594366, guid: f03df5fc5e4b0854584c2ba290adfbda, type: 3}
      propertyPath: m_RootOrder
      value: 0
      objectReference: {fileID: 0}
    - target: {fileID: 5672416593029594366, guid: f03df5fc5e4b0854584c2ba290adfbda, type: 3}
      propertyPath: m_LocalPosition.x
      value: 0
      objectReference: {fileID: 0}
    - target: {fileID: 5672416593029594366, guid: f03df5fc5e4b0854584c2ba290adfbda, type: 3}
      propertyPath: m_LocalPosition.y
      value: 0
      objectReference: {fileID: 0}
    - target: {fileID: 5672416593029594366, guid: f03df5fc5e4b0854584c2ba290adfbda, type: 3}
      propertyPath: m_LocalPosition.z
      value: 0
      objectReference: {fileID: 0}
    - target: {fileID: 5672416593029594366, guid: f03df5fc5e4b0854584c2ba290adfbda, type: 3}
      propertyPath: m_LocalRotation.w
      value: 0.7071068
      objectReference: {fileID: 0}
    - target: {fileID: 5672416593029594366, guid: f03df5fc5e4b0854584c2ba290adfbda, type: 3}
      propertyPath: m_LocalRotation.x
      value: 0.7071068
      objectReference: {fileID: 0}
    - target: {fileID: 5672416593029594366, guid: f03df5fc5e4b0854584c2ba290adfbda, type: 3}
      propertyPath: m_LocalRotation.y
      value: 0
      objectReference: {fileID: 0}
    - target: {fileID: 5672416593029594366, guid: f03df5fc5e4b0854584c2ba290adfbda, type: 3}
      propertyPath: m_LocalRotation.z
      value: 0
      objectReference: {fileID: 0}
    - target: {fileID: 5672416593029594366, guid: f03df5fc5e4b0854584c2ba290adfbda, type: 3}
      propertyPath: m_LocalEulerAnglesHint.x
      value: 90
      objectReference: {fileID: 0}
    - target: {fileID: 5672416593029594366, guid: f03df5fc5e4b0854584c2ba290adfbda, type: 3}
      propertyPath: m_LocalEulerAnglesHint.y
      value: 0
      objectReference: {fileID: 0}
    - target: {fileID: 5672416593029594366, guid: f03df5fc5e4b0854584c2ba290adfbda, type: 3}
      propertyPath: m_LocalEulerAnglesHint.z
      value: 0
      objectReference: {fileID: 0}
    - target: {fileID: 5672416593029594367, guid: f03df5fc5e4b0854584c2ba290adfbda, type: 3}
      propertyPath: m_Name
      value: Health
      objectReference: {fileID: 0}
    m_RemovedComponents:
    - {fileID: 5672416591742434650, guid: f03df5fc5e4b0854584c2ba290adfbda, type: 3}
  m_SourcePrefab: {fileID: 100100000, guid: f03df5fc5e4b0854584c2ba290adfbda, type: 3}
--- !u!4 &4905084491060472469 stripped
Transform:
  m_CorrespondingSourceObject: {fileID: 5672416593029594366, guid: f03df5fc5e4b0854584c2ba290adfbda, type: 3}
  m_PrefabInstance: {fileID: 768466875895027307}
  m_PrefabAsset: {fileID: 0}
